<record><leader>00000cas a2200000 a 4500</leader><controlfield tag="001">10466709</controlfield><controlfield tag="008">840228d18011802ctuwr ne      0    0eng c</controlfield><datafield ind1=" " ind2=" " tag="010"><subfield code="a">sn 84022539 </subfield></datafield><datafield ind1=" " ind2=" " tag="040"><subfield code="a">NPX</subfield><subfield code="b">eng</subfield><subfield code="c">NPX</subfield><subfield code="d">CNW</subfield><subfield code="d">OCL</subfield><subfield code="d">NYS</subfield><subfield code="d">OCLCQ</subfield><subfield code="d">OCLCF</subfield><subfield code="d">OCLCO</subfield></datafield><datafield ind1="1" ind2=" " tag="029"><subfield code="a">AU@</subfield><subfield code="b">000020129034</subfield></datafield><datafield ind1=" " ind2=" " tag="042"><subfield code="a">pcc</subfield></datafield><datafield ind1=" " ind2=" " tag="043"><subfield code="a">n-us-ct</subfield></datafield><datafield ind1="0" ind2=" " tag="130"><subfield code="a">American Apollo (Norwalk, Conn.)</subfield></datafield><datafield ind1="1" ind2="4" tag="245"><subfield code="a">The American Apollo.</subfield></datafield><datafield ind1=" " ind2=" " tag="260"><subfield code="a">Norwalk, Conn. :</subfield><subfield code="b">Printed by Joseph Dennis,</subfield><subfield code="c">1801-</subfield></datafield><datafield ind1=" " ind2=" " tag="300"><subfield code="a">v.</subfield></datafield><datafield ind1=" " ind2=" " tag="310"><subfield code="a">Weekly</subfield></datafield><datafield ind1="0" ind2=" " tag="362"><subfield code="a">Vol. 1, no. 1 (Aug. 12, 1801)-</subfield></datafield><datafield ind1="1" ind2=" " tag="362"><subfield code="a">Ceased in May 1802.</subfield><subfield code="z">Cf. Brigham, C.S. Amer. newspapers.</subfield></datafield><datafield ind1=" " ind2=" " tag="500"><subfield code="a">References: Shaw &amp; Shoemaker 50; Brigham, C.S. Amer. newspapers, p. 62.</subfield></datafield><datafield ind1=" " ind2="0" tag="651"><subfield code="a">Norwalk (Conn.)</subfield><subfield code="v">Newspapers.</subfield></datafield><datafield ind1=" " ind2="0" tag="651"><subfield code="a">Fairfield County (Conn.)</subfield><subfield code="v">Newspapers.</subfield></datafield><datafield ind1=" " ind2="7" tag="655"><subfield code="a">Newspapers.</subfield><subfield code="2">fast</subfield><subfield code="0">(OCoLC)fst01423814</subfield></datafield><datafield ind1=" " ind2="7" tag="651"><subfield code="a">Connecticut</subfield><subfield code="z">Fairfield County.</subfield><subfield code="2">fast</subfield><subfield code="0">(OCoLC)fst01207658</subfield></datafield><datafield ind1=" " ind2="7" tag="651"><subfield code="a">Connecticut</subfield><subfield code="z">Norwalk.</subfield><subfield code="2">fast</subfield><subfield code="0">(OCoLC)fst01209529</subfield></datafield><datafield ind1="1" ind2=" " tag="700"><subfield code="a">Dennis, Joseph.</subfield></datafield><datafield ind1=" " ind2=" " tag="752"><subfield code="a">United States</subfield><subfield code="b">Connecticut</subfield><subfield code="c">Fairfield</subfield><subfield code="d">Norwalk.</subfield></datafield><datafield ind1="0" ind2="0" tag="785"><subfield code="t">Independent Republican (Norwalk, Conn.)</subfield><subfield code="w">(DLC)sn 84022540</subfield><subfield code="w">(OCoLC)10466650</subfield></datafield></record>